<record><leader>00000cas a2200000 a 4500</leader><controlfield tag="001">12868474</controlfield><controlfield tag="008">851204d19021905ksuwr ne      0    0eng d</controlfield><datafield ind1=" " ind2=" " tag="010"><subfield code="a">sn 85066341 </subfield></datafield><datafield ind1=" " ind2=" " tag="040"><subfield code="a">KSH</subfield><subfield code="b">eng</subfield><subfield code="c">KSH</subfield><subfield code="d">NPT</subfield><subfield code="d">OCL</subfield><subfield code="d">OCLCQ</subfield></datafield><datafield ind1=" " ind2=" " tag="042"><subfield code="a">msc</subfield></datafield><datafield ind1="0" ind2=" " tag="130"><subfield code="a">Washington register (Washington, Kan. : 1902)</subfield></datafield><datafield ind1="1" ind2="0" tag="245"><subfield code="a">Washington register.</subfield></datafield><datafield ind1=" " ind2=" " tag="260"><subfield code="a">Washington, Kan. :</subfield><subfield code="b">J.A. Totten,</subfield><subfield code="c">1902-1905.</subfield></datafield><datafield ind1=" " ind2=" " tag="300"><subfield code="a">3 v. :</subfield><subfield code="b">ill. ;</subfield><subfield code="c">60 cm.</subfield></datafield><datafield ind1=" " ind2=" " tag="310"><subfield code="a">Weekly</subfield></datafield><datafield ind1="0" ind2=" " tag="362"><subfield code="a">Vol. 24, no. 18 (Dec. 11, 1902)-v. 26, no. 29 (Feb. 23, 1905).</subfield></datafield><datafield ind1=" " ind2=" " tag="500"><subfield code="a">"Republican."</subfield></datafield><datafield ind1=" " ind2=" " tag="515"><subfield code="a">Vol. 24, no. 18-19 misnumbered v. 24, no. 17-18.</subfield></datafield><datafield ind1=" " ind2=" " tag="752"><subfield code="a">United States</subfield><subfield code="b">Kansas</subfield><subfield code="c">Washington</subfield><subfield code="d">Washington.</subfield></datafield><datafield ind1="0" ind2="0" tag="780"><subfield code="t">Washington post-register</subfield><subfield code="w">(DLC)sn 85066340</subfield></datafield><datafield ind1="0" ind2="7" tag="785"><subfield code="t">Washington republican (Washington, Kan. : 1896)</subfield><subfield code="w">(DLC)sn 85066329</subfield></datafield><datafield ind1="0" ind2="7" tag="785"><subfield code="t">Republican-register</subfield><subfield code="w">(DLC)sn 85066338</subfield></datafield><datafield ind1="1" ind2=" " tag="029"><subfield code="a">AU@</subfield><subfield code="b">000022169118</subfield></datafield></record>